:940:
:20:940A160104
:25:1115.55.000EUR
:28:01466/00
:60F:C151231EUR000000129945.71
:61:160104D000000001500.00N411NONREF          SERIE COMPUTERS OFFICE B
:86:BELGRADO 
:86:F3-NUMMER:F3165563013160
:86:RS35275221245008503373 
:86:Betalingskenm. PA0160104802252 
:86:Wereldbetaling SHA 
:86:JANUARI 
:61:160104D000000000484.11N411NONREF          KZN NATURE
:86:CASCADES 
:86:F2-NUMMER:F2511001727160
:86:50930039108 
:86:Betalingskenm. PA0160104801239 
:86:Wereldbetaling SHA 
:86:RESERVATION 295260 MR J. VAN BUS 
:86:ZAR 8.160,00 EUR=16,85580 ZAR 
:61:160105D000000000250.00N54593ABNA0589369237J.Verkroost
:86:48-NUMMER:4828891378:CI0
:86:Banner Startdag 
:61:151228D000000000005.00N63153INGB0002363247MUNNIK
:86:Duiveland 1 EMMELOORD 8302 PL
:86:VX-NUMMER:VXN1XRGUMC942I
:86:Transactiereferentie:1501548302 
:86:Kenmerk: 1501548302 VNB Emmeloord 
:61:151228D000000000003.50N63142RABO0114291101WOERKOM
:86:Klutenweg 16 BANT 8314 PD
:86:VX-NUMMER:VXN1XRGX1KGGRE
:86:Transactiereferentie:1301328314 
:86:Kenmerk: 1301328314 VNB Bant 
:61:151228D000000000002.50N63379RABO0114283354SCHOENAKER
:86:Lemsterweg 30 RUTTEN 8313 RC
:86:VX-NUMMER:VXN1XRGUMDI28Q
:86:Transactiereferentie:1401088313 
:86:Kenmerk: 1401088313 VNB Rutten 
:61:160102C000000001486.62N13449RABO0105271721O.A.M. SMIT EO
:86:Zuiderpark 31 1771AA WIERINGERWERF Nederland
:86:VX-NUMMER:VXN1XRGP0L7CNU
:86:BETALINGSKENM.: 5337002160036900
:86:BETALINGSKENM. 5337002160036900 
:61:160102C000000001486.62N13449RABO0105271721O.A.M. SMIT EO
:86:Zuiderpark 31 1771AA WIERINGERWERF Nederland
:86:VX-NUMMER:VXN1XRGP0L7CNU
:86:BETALINGSKENM.: 1337003160036800
:86:BETALINGSKENM. 1337003160036800 
:61:160104C000000001574.12N13495INGB0000844053De heer P H Laenen en Mevr V A Lae
:86:Meerkoet 6 8532BD LEMMER
:86:VX-NUMMER:VXN1XRGW1E6EHM
:86:BETALINGSKENM.: 5363423160002100
:86:BETALINGSKENM. 5363423160002100 
:61:160104C000000000095.00N13483INGB0006543698Mw P C E van Mook-Reijs en/of Hr J
:86:Plataanstraat 8 4849AG DORST
:86:VX-NUMMER:VXN1XRGW1E6EHM
:86:BETALINGSKENM.: 1354639160045601
:86:BETALINGSKENM. 1354639160045601 
:61:160104C000000000095.00N13468INGB0008111003Hr A Veldman
:86:Hofstraweg 406 2171NW SASSENHEIM
:86:VX-NUMMER:VXN1XRGW1E6EHM
:86:BETALINGSKENM.: 9322246160026301
:86:BETALINGSKENM. 9322246160026301 
:61:160104C000000000095.00N13495INGB0005052010Mw B A G Janssen
:86:Angelenhorst 23 C 2171VL SASSENHEIM
:86:VX-NUMMER:VXN1XRGW1E6EHM
:86:BETALINGSKENM.: 8014982160025901
:86:BETALINGSKENM. 8014982160025901 
:61:160104C000000000095.00N13488ABNA0594525071PANAKEIA B V
:86:BEETHOVENLAAN 3 7442 HC NIJVERDAL
:86:VX-NUMMER:VXN1XRGW1E6EHM
:86:BETALINGSKENM.: 1080114160016901
:86:BETALINGSKENM. 1080114160016901 
:61:160104C000000001574.12N13495INGB0000844053De heer P H Laenen en Mevr V A Lae
:86:Meerkoet 6 8532BD LEMMER
:86:VX-NUMMER:VXN1XRGVOU6RX6
:86:BETALINGSKENM.: 8083346160002000
:86:BETALINGSKENM. 8083346160002000 
:61:160104C000000000095.00N13449INGB0659131307Hr V A H Maagd
:86:Noordzijde 1 8302GK EMMELOORD
:86:VX-NUMMER:VXN1XRGVOU6RX6
:86:BETALINGSKENM.: 1334430160021201
:86:BETALINGSKENM. 1334430160021201 
:61:160104C000000001486.62N13462RABO0110092872A.H.N. URSEM EO
:86:Heideveld 9 7035DA KILDER Nederland
:86:VX-NUMMER:VXN1XRGS76JNQ2
:86:BETALINGSKENM.: 7365510160021800
:86:BETALINGSKENM. 7365510160021800 
:61:160103C000000001486.62N13418RABO0310864070N. BEERS
:86:Reigershof 64 1742AV SCHAGEN Nederland
:86:VX-NUMMER:VXN1XRGR0CJC9M
:86:BETALINGSKENM.: 1365606160057600
:86:BETALINGSKENM. 1365606160057600 
:61:160104C000000000095.00N10091INGB0007714829J M P van Wetten e/o P J M van Wet
:86:VX-NUMMER:VXN1XRGWHDS062
:86:160060701 0020001135101114 16006070
:86:1 VNB 
:61:160104C000000000095.00N10012INGB0004245979Hr F J de Valk en Mw P J M de Valk
:86:VX-NUMMER:VXN1XRGWHDS062
:86:160065301 0020001135277744 16006530
:86:1 VNB 
:61:160104C000000000095.00N10012INGB0004245979Hr F J de Valk en Mw P J M de Valk
:86:VX-NUMMER:VXN1XRGWHDS062
:86:160065201 0020001135269019 16006520
:86:1 VNB 
:61:160104C000000000095.00N10041INGB0000239357Mw A E W M Geerts-Mulders
:86:VX-NUMMER:VXN1XRGWHDS062
:86:160038501 0020001133238149 16003850
:86:1 VNB 
:61:160104C000000000095.00N10072INGB0751000272Hr R P P M van Klink
:86:VX-NUMMER:VXN1XRGWHDS062
:86:160035601 0020001134384605 16003560
:86:1 VNB 
:61:160104C000000000095.00N10013ABNA0578426943HPE VAN DEN KERKHOF CJ
:86:GOMMERSWIJK 23 6171 BZ STEIN LB
:86:VX-NUMMER:VXN1XRGWHDS062
:86:160064801 0020001135354251 16006480
:86:1 VNB 
:61:160102C000000000200.00N54148RABO0147868416F.A.M. VAN DE WINKEL
:86:Van Weerden Poelmanstr 195 6417EM HEERLEN Nederland
:86:O6-NUMMER:O6088772900:CI
:86:gift 
:61:160103C000000000190.00N54122RABO0314852832H.B.M. VISSER EO
:86:van Rouwenoortweg 13 6942PH DIDAM Nederland
:86:O6-NUMMER:O6089396152:CI
:86:fact.3030-2191-6006-5901 en fact.40
:86:30-2191-6005-8001 
:61:160102C000000000095.00N10022RABO0140502122N.A.A. JANSEN
:86:Kerkepad 8 4641TC OSSENDRECHT Nederland
:86:VX-NUMMER:VXN1XRGRJZ8M3E
:86:160035501 0020001134630402 16003550
:86:1 VNB 
:61:160102C000000000095.00N10093RABO0161463320A. DE WIT
:86:van den Bosstraat 5 1624GH HOORN NH Nederland
:86:VX-NUMMER:VXN1XRGRJZ8M3E
:86:160039701 0020001134477968 16003970
:86:1 VNB 
:61:160101C000000000095.00N10067RABO0133459888C.C.F. LEMMEN-HANSSEN
:86:Astenseweg 11 5768PD MEIJEL Nederland
:86:VX-NUMMER:VXN1XRGRJXZNX6
:86:160080101 0020001133579024 16008010
:86:1 VNB 
:61:160101C000000000095.00N10059RABO0108798267W.J.M. DE KLEIJNEN EO
:86:Lactariaweg 5 5844AH STEVENSBEEK Nederland
:86:VX-NUMMER:VXN1XRGRJXZNX6
:86:160051401 0020001133719990 16005140
:86:1 VNB 
:61:160104C000000000095.00N13497INGB0005615253Mw B M de Ruijter-Kanters
:86:Wouwerdries 5 5081VW HILVARENBEEK
:86:VX-NUMMER:VXN1XRGW84EK0Q
:86:BETALINGSKENM.: 1339274160026001
:86:BETALINGSKENM. 1339274160026001 
:61:160104C000000000095.00N13487RABO0360797555M.C.C. EIKENS
:86:Wielewaalhof 54 9502SC STADSKANAAL Nederland
:86:VX-NUMMER:VXN1XRGVFOK6AI
:86:BETALINGSKENM.: 3330420160050401
:86:BETALINGSKENM. 3330420160050401 
:61:160103C000000000095.00N10028RABO0112503837H.J.A. HEBBEN EO
:86:Orionweg 12 8251AL DRONTEN Nederland
:86:VX-NUMMER:VXN1XRGRK0HK9M
:86:160050701 0020001135628101 16005070
:86:1 VNB 
:61:160104C000000000095.00N13431INGB0004944037Hr D G M van Klink
:86:Churchilllaan 42 4624EJ BERGEN OP ZOOM
:86:VX-NUMMER:VXN1XRGVKN3X0A
:86:BETALINGSKENM.: 2003101160057701
:86:BETALINGSKENM. 2003101160057701 
:61:160104C000000000095.00N13416RABO0381696804C.W.T. OUD EO
:86:Asterlaan 17 1614ST LUTJEBROEK Nederland
:86:VX-NUMMER:VXN1XRGYICT7TM
:86:BETALINGSKENM.: 2037444160067801
:86:BETALINGSKENM. 2037444160067801 
:61:160104C000000000095.00N13498RABO0129949191N.L.M. STIJGER EO
:86:Vorkotterstraat 13 2295HC KWINTSHEUL Nederland
:86:VX-NUMMER:VXN1XRGS9POYCA
:86:BETALINGSKENM.: 6327902160031101
:86:BETALINGSKENM. 6327902160031101 
:61:160104C000000000095.00N13476RABO0153205628T.J. HAARHUIS EO
:86:Vasserdijk 14 A 7664VH MANDERVEEN Nederland
:86:VX-NUMMER:VXN1XRGYEUPCD6
:86:BETALINGSKENM.: 0014044160063601
:86:BETALINGSKENM. 0014044160063601 
:61:160102C000000000095.00N13450RABO0120216493J.H. BOSMAN EO
:86:Stokvisweg 17 8111RS HEETEN Nederland
:86:VX-NUMMER:VXN1XRGP96URIY
:86:BETALINGSKENM.: 3019825160030401
:86:BETALINGSKENM. 3019825160030401 
:62F:C160104EUR000000139370.32
:64:C160104EUR000000139370.32
:65:C160105EUR000000139370.32
:65:C160106EUR000000139370.32
:65:C160107EUR000000139370.32
:65:C160108EUR000000139370.32